%YAML 1.1
%TAG !u! tag:unity3d.com,2011:
--- !u!1001 &100100000
Prefab:
  m_ObjectHideFlags: 1
  serializedVersion: 2
  m_Modification:
    m_TransformParent: {fileID: 0}
    m_Modifications: []
    m_RemovedComponents: []
  m_ParentPrefab: {fileID: 0}
  m_RootGameObject: {fileID: 1711226786351882}
  m_IsPrefabParent: 1
--- !u!1 &1179697777111220
GameObject:
  m_ObjectHideFlags: 0
  m_PrefabParentObject: {fileID: 0}
  m_PrefabInternal: {fileID: 100100000}
  serializedVersion: 5
  m_Component:
  - component: {fileID: 4039742942508200}
  - component: {fileID: 114979579874678716}
  - component: {fileID: 114971040237389862}
  - component: {fileID: 114022697959923214}
  m_Layer: 0
  m_Name: 'Stage: ''What is this place'''
  m_TagString: Untagged
  m_Icon: {fileID: 0}
  m_NavMeshLayer: 0
  m_StaticEditorFlags: 0
  m_IsActive: 1
--- !u!1 &1230834065684328
GameObject:
  m_ObjectHideFlags: 0
  m_PrefabParentObject: {fileID: 0}
  m_PrefabInternal: {fileID: 100100000}
  serializedVersion: 5
  m_Component:
  - component: {fileID: 4457815813645416}
  - component: {fileID: 33139186436127456}
  - component: {fileID: 23964102360041470}
  m_Layer: 8
  m_Name: "LookAt - Angus \xD3g"
  m_TagString: Untagged
  m_Icon: {fileID: 0}
  m_NavMeshLayer: 0
  m_StaticEditorFlags: 0
  m_IsActive: 1
--- !u!1 &1442323499407522
GameObject:
  m_ObjectHideFlags: 0
  m_PrefabParentObject: {fileID: 0}
  m_PrefabInternal: {fileID: 100100000}
  serializedVersion: 5
  m_Component:
  - component: {fileID: 4075787289834806}
  - component: {fileID: 114234753322778304}
  - component: {fileID: 114624833490094260}
  - component: {fileID: 114893085235844098}
  - component: {fileID: 114276655162935366}
  - component: {fileID: 114588349290051220}
  - component: {fileID: 114456452942251458}
  m_Layer: 0
  m_Name: 'Stage: Gather party'
  m_TagString: Untagged
  m_Icon: {fileID: 0}
  m_NavMeshLayer: 0
  m_StaticEditorFlags: 0
  m_IsActive: 1
--- !u!1 &1533282062760274
GameObject:
  m_ObjectHideFlags: 0
  m_PrefabParentObject: {fileID: 0}
  m_PrefabInternal: {fileID: 100100000}
  serializedVersion: 5
  m_Component:
  - component: {fileID: 4179672191650358}
  - component: {fileID: 33897201491362178}
  - component: {fileID: 23273299058747316}
  m_Layer: 8
  m_Name: "Walk point - Angus \xD3g"
  m_TagString: Untagged
  m_Icon: {fileID: 0}
  m_NavMeshLayer: 0
  m_StaticEditorFlags: 0
  m_IsActive: 1
--- !u!1 &1614475287001112
GameObject:
  m_ObjectHideFlags: 0
  m_PrefabParentObject: {fileID: 0}
  m_PrefabInternal: {fileID: 100100000}
  serializedVersion: 5
  m_Component:
  - component: {fileID: 4154716709696264}
  - component: {fileID: 114572240034544460}
  - component: {fileID: 114756200305590172}
  - component: {fileID: 114013151995976184}
  - component: {fileID: 114477841384955222}
  - component: {fileID: 114606849135174052}
  m_Layer: 0
  m_Name: 'Stage: End Sequence'
  m_TagString: Untagged
  m_Icon: {fileID: 0}
  m_NavMeshLayer: 0
  m_StaticEditorFlags: 0
  m_IsActive: 1
--- !u!1 &1711226786351882
GameObject:
  m_ObjectHideFlags: 0
  m_PrefabParentObject: {fileID: 0}
  m_PrefabInternal: {fileID: 100100000}
  serializedVersion: 5
  m_Component:
  - component: {fileID: 4878944160789732}
  m_Layer: 0
  m_Name: Ritual Office Conversation
  m_TagString: Untagged
  m_Icon: {fileID: 0}
  m_NavMeshLayer: 0
  m_StaticEditorFlags: 0
  m_IsActive: 1
--- !u!1 &1770378242824932
GameObject:
  m_ObjectHideFlags: 0
  m_PrefabParentObject: {fileID: 0}
  m_PrefabInternal: {fileID: 100100000}
  serializedVersion: 5
  m_Component:
  - component: {fileID: 4600868879309998}
  - component: {fileID: 65672468336865498}
  - component: {fileID: 114908866091333406}
  - component: {fileID: 114211417870245830}
  m_Layer: 0
  m_Name: Trigger
  m_TagString: Untagged
  m_Icon: {fileID: 0}
  m_NavMeshLayer: 0
  m_StaticEditorFlags: 0
  m_IsActive: 1
--- !u!1 &1799438545977778
GameObject:
  m_ObjectHideFlags: 0
  m_PrefabParentObject: {fileID: 0}
  m_PrefabInternal: {fileID: 100100000}
  serializedVersion: 5
  m_Component:
  - component: {fileID: 4043292941050734}
  - component: {fileID: 33308775828573792}
  - component: {fileID: 23063300772983002}
  m_Layer: 8
  m_Name: Gather point - Aon
  m_TagString: Untagged
  m_Icon: {fileID: 0}
  m_NavMeshLayer: 0
  m_StaticEditorFlags: 0
  m_IsActive: 1
--- !u!1 &1822292400072800
GameObject:
  m_ObjectHideFlags: 0
  m_PrefabParentObject: {fileID: 0}
  m_PrefabInternal: {fileID: 100100000}
  serializedVersion: 5
  m_Component:
  - component: {fileID: 4527446899040924}
  - component: {fileID: 114678817020423232}
  - component: {fileID: 114758602868911504}
  - component: {fileID: 114265409905983304}
  - component: {fileID: 114747430279145232}
  m_Layer: 0
  m_Name: 'Stage: ''I don''t know'''
  m_TagString: Untagged
  m_Icon: {fileID: 0}
  m_NavMeshLayer: 0
  m_StaticEditorFlags: 0
  m_IsActive: 1
--- !u!1 &1916973548709422
GameObject:
  m_ObjectHideFlags: 0
  m_PrefabParentObject: {fileID: 0}
  m_PrefabInternal: {fileID: 100100000}
  serializedVersion: 5
  m_Component:
  - component: {fileID: 4705122238084000}
  - component: {fileID: 33631362435530298}
  - component: {fileID: 23159122482335722}
  m_Layer: 8
  m_Name: "Gather point - Angus \xD3g"
  m_TagString: Untagged
  m_Icon: {fileID: 0}
  m_NavMeshLayer: 0
  m_StaticEditorFlags: 0
  m_IsActive: 1
--- !u!4 &4039742942508200
Transform:
  m_ObjectHideFlags: 1
  m_PrefabParentObject: {fileID: 0}
  m_PrefabInternal: {fileID: 100100000}
  m_GameObject: {fileID: 1179697777111220}
  m_LocalRotation: {x: -0, y: -0, z: -0, w: 1}
  m_LocalPosition: {x: 0, y: 0, z: 0}
  m_LocalScale: {x: 1.0000007, y: 1, z: 1.0000007}
  m_Children: []
  m_Father: {fileID: 4878944160789732}
  m_RootOrder: 2
  m_LocalEulerAnglesHint: {x: 0, y: 0, z: 0}
--- !u!4 &4043292941050734
Transform:
  m_ObjectHideFlags: 1
  m_PrefabParentObject: {fileID: 0}
  m_PrefabInternal: {fileID: 100100000}
  m_GameObject: {fileID: 1799438545977778}
  m_LocalRotation: {x: -0.0000000012009272, y: 0.9984893, z: -0.000000021822752, w: -0.05494737}
  m_LocalPosition: {x: 1.743, y: 0.0000000072394286, z: -2.699}
  m_LocalScale: {x: 1, y: 1, z: 1}
  m_Children: []
  m_Father: {fileID: 4878944160789732}
  m_RootOrder: 5
  m_LocalEulerAnglesHint: {x: 0, y: 186.29999, z: 0}
--- !u!4 &4075787289834806
Transform:
  m_ObjectHideFlags: 1
  m_PrefabParentObject: {fileID: 0}
  m_PrefabInternal: {fileID: 100100000}
  m_GameObject: {fileID: 1442323499407522}
  m_LocalRotation: {x: -0, y: -0, z: -0, w: 1}
  m_LocalPosition: {x: 0, y: 0, z: 0}
  m_LocalScale: {x: 1, y: 1, z: 1}
  m_Children: []
  m_Father: {fileID: 4878944160789732}
  m_RootOrder: 1
  m_LocalEulerAnglesHint: {x: 0, y: 0, z: 0}
--- !u!4 &4154716709696264
Transform:
  m_ObjectHideFlags: 1
  m_PrefabParentObject: {fileID: 0}
  m_PrefabInternal: {fileID: 100100000}
  m_GameObject: {fileID: 1614475287001112}
  m_LocalRotation: {x: -0, y: -0, z: -0, w: 1}
  m_LocalPosition: {x: 0, y: 0, z: 0}
  m_LocalScale: {x: 1.0000007, y: 1, z: 1.0000007}
  m_Children: []
  m_Father: {fileID: 4878944160789732}
  m_RootOrder: 4
  m_LocalEulerAnglesHint: {x: 0, y: 0, z: 0}
--- !u!4 &4179672191650358
Transform:
  m_ObjectHideFlags: 1
  m_PrefabParentObject: {fileID: 0}
  m_PrefabInternal: {fileID: 100100000}
  m_GameObject: {fileID: 1533282062760274}
  m_LocalRotation: {x: -7.936762e-11, y: 0.99999344, z: -0.000000021855564, w: -0.003630876}
  m_LocalPosition: {x: -0.02, y: 0, z: -8.41}
  m_LocalScale: {x: 1.0000005, y: 1, z: 1.0000005}
  m_Children: []
  m_Father: {fileID: 4878944160789732}
  m_RootOrder: 7
  m_LocalEulerAnglesHint: {x: 0, y: 180.41599, z: 0}
--- !u!4 &4457815813645416
Transform:
  m_ObjectHideFlags: 1
  m_PrefabParentObject: {fileID: 0}
  m_PrefabInternal: {fileID: 100100000}
  m_GameObject: {fileID: 1230834065684328}
  m_LocalRotation: {x: -0.000000013862748, y: 0.7730998, z: -0.000000016896655, w: -0.6342845}
  m_LocalPosition: {x: -1.77, y: 0, z: -8.21}
  m_LocalScale: {x: 1.0000002, y: 1, z: 1.0000002}
  m_Children: []
  m_Father: {fileID: 4878944160789732}
  m_RootOrder: 8
  m_LocalEulerAnglesHint: {x: 0, y: 258.734, z: 0}
--- !u!4 &4527446899040924
Transform:
  m_ObjectHideFlags: 1
  m_PrefabParentObject: {fileID: 0}
  m_PrefabInternal: {fileID: 100100000}
  m_GameObject: {fileID: 1822292400072800}
  m_LocalRotation: {x: -0, y: -0, z: -0, w: 1}
  m_LocalPosition: {x: 0, y: 0, z: 0}
  m_LocalScale: {x: 1.0000007, y: 1, z: 1.0000007}
  m_Children: []
  m_Father: {fileID: 4878944160789732}
  m_RootOrder: 3
  m_LocalEulerAnglesHint: {x: 0, y: 0, z: 0}
--- !u!4 &4600868879309998
Transform:
  m_ObjectHideFlags: 1
  m_PrefabParentObject: {fileID: 0}
  m_PrefabInternal: {fileID: 100100000}
  m_GameObject: {fileID: 1770378242824932}
  m_LocalRotation: {x: -0, y: -0, z: -0, w: 1}
  m_LocalPosition: {x: 0, y: 0, z: 0}
  m_LocalScale: {x: 7, y: 1, z: 1}
  m_Children: []
  m_Father: {fileID: 4878944160789732}
  m_RootOrder: 0
  m_LocalEulerAnglesHint: {x: 0, y: -130.367, z: 0}
--- !u!4 &4705122238084000
Transform:
  m_ObjectHideFlags: 1
  m_PrefabParentObject: {fileID: 0}
  m_PrefabInternal: {fileID: 100100000}
  m_GameObject: {fileID: 1916973548709422}
  m_LocalRotation: {x: -0.0000000041843995, y: 0.9815014, z: -0.000000021451427, w: -0.19145514}
  m_LocalPosition: {x: 0.15, y: 0.0000000072394286, z: -2.62}
  m_LocalScale: {x: 1, y: 1, z: 1}
  m_Children: []
  m_Father: {fileID: 4878944160789732}
  m_RootOrder: 6
  m_LocalEulerAnglesHint: {x: 0, y: 202.075, z: 0}
--- !u!4 &4878944160789732
Transform:
  m_ObjectHideFlags: 1
  m_PrefabParentObject: {fileID: 0}
  m_PrefabInternal: {fileID: 100100000}
  m_GameObject: {fileID: 1711226786351882}
  m_LocalRotation: {x: -0, y: -0.90765697, z: -0, w: 0.41971293}
  m_LocalPosition: {x: -130.85, y: 35.5056, z: 48.61}
  m_LocalScale: {x: 1, y: 1, z: 1}
  m_Children:
  - {fileID: 4600868879309998}
  - {fileID: 4075787289834806}
  - {fileID: 4039742942508200}
  - {fileID: 4527446899040924}
  - {fileID: 4154716709696264}
  - {fileID: 4043292941050734}
  - {fileID: 4705122238084000}
  - {fileID: 4179672191650358}
  - {fileID: 4457815813645416}
  m_Father: {fileID: 0}
  m_RootOrder: 0
  m_LocalEulerAnglesHint: {x: 0, y: -130.367, z: 0}
--- !u!23 &23063300772983002
MeshRenderer:
  m_ObjectHideFlags: 1
  m_PrefabParentObject: {fileID: 0}
  m_PrefabInternal: {fileID: 100100000}
  m_GameObject: {fileID: 1799438545977778}
  m_Enabled: 1
  m_CastShadows: 1
  m_ReceiveShadows: 1
  m_MotionVectors: 1
  m_LightProbeUsage: 1
  m_ReflectionProbeUsage: 1
  m_Materials:
  - {fileID: 10303, guid: 0000000000000000f000000000000000, type: 0}
  m_StaticBatchInfo:
    firstSubMesh: 0
    subMeshCount: 0
  m_StaticBatchRoot: {fileID: 0}
  m_ProbeAnchor: {fileID: 0}
  m_LightProbeVolumeOverride: {fileID: 0}
  m_ScaleInLightmap: 1
  m_PreserveUVs: 0
  m_IgnoreNormalsForChartDetection: 0
  m_ImportantGI: 0
  m_SelectedEditorRenderState: 3
  m_MinimumChartSize: 4
  m_AutoUVMaxDistance: 0.5
  m_AutoUVMaxAngle: 89
  m_LightmapParameters: {fileID: 0}
  m_SortingLayerID: 0
  m_SortingLayer: 0
  m_SortingOrder: 0
--- !u!23 &23159122482335722
MeshRenderer:
  m_ObjectHideFlags: 1
  m_PrefabParentObject: {fileID: 0}
  m_PrefabInternal: {fileID: 100100000}
  m_GameObject: {fileID: 1916973548709422}
  m_Enabled: 1
  m_CastShadows: 1
  m_ReceiveShadows: 1
  m_MotionVectors: 1
  m_LightProbeUsage: 1
  m_ReflectionProbeUsage: 1
  m_Materials:
  - {fileID: 10303, guid: 0000000000000000f000000000000000, type: 0}
  m_StaticBatchInfo:
    firstSubMesh: 0
    subMeshCount: 0
  m_StaticBatchRoot: {fileID: 0}
  m_ProbeAnchor: {fileID: 0}
  m_LightProbeVolumeOverride: {fileID: 0}
  m_ScaleInLightmap: 1
  m_PreserveUVs: 0
  m_IgnoreNormalsForChartDetection: 0
  m_ImportantGI: 0
  m_SelectedEditorRenderState: 3
  m_MinimumChartSize: 4
  m_AutoUVMaxDistance: 0.5
  m_AutoUVMaxAngle: 89
  m_LightmapParameters: {fileID: 0}
  m_SortingLayerID: 0
  m_SortingLayer: 0
  m_SortingOrder: 0
--- !u!23 &23273299058747316
MeshRenderer:
  m_ObjectHideFlags: 1
  m_PrefabParentObject: {fileID: 0}
  m_PrefabInternal: {fileID: 100100000}
  m_GameObject: {fileID: 1533282062760274}
  m_Enabled: 1
  m_CastShadows: 1
  m_ReceiveShadows: 1
  m_MotionVectors: 1
  m_LightProbeUsage: 1
  m_ReflectionProbeUsage: 1
  m_Materials:
  - {fileID: 10303, guid: 0000000000000000f000000000000000, type: 0}
  m_StaticBatchInfo:
    firstSubMesh: 0
    subMeshCount: 0
  m_StaticBatchRoot: {fileID: 0}
  m_ProbeAnchor: {fileID: 0}
  m_LightProbeVolumeOverride: {fileID: 0}
  m_ScaleInLightmap: 1
  m_PreserveUVs: 0
  m_IgnoreNormalsForChartDetection: 0
  m_ImportantGI: 0
  m_SelectedEditorRenderState: 3
  m_MinimumChartSize: 4
  m_AutoUVMaxDistance: 0.5
  m_AutoUVMaxAngle: 89
  m_LightmapParameters: {fileID: 0}
  m_SortingLayerID: 0
  m_SortingLayer: 0
  m_SortingOrder: 0
--- !u!23 &23964102360041470
MeshRenderer:
  m_ObjectHideFlags: 1
  m_PrefabParentObject: {fileID: 0}
  m_PrefabInternal: {fileID: 100100000}
  m_GameObject: {fileID: 1230834065684328}
  m_Enabled: 1
  m_CastShadows: 1
  m_ReceiveShadows: 1
  m_MotionVectors: 1
  m_LightProbeUsage: 1
  m_ReflectionProbeUsage: 1
  m_Materials:
  - {fileID: 10303, guid: 0000000000000000f000000000000000, type: 0}
  m_StaticBatchInfo:
    firstSubMesh: 0
    subMeshCount: 0
  m_StaticBatchRoot: {fileID: 0}
  m_ProbeAnchor: {fileID: 0}
  m_LightProbeVolumeOverride: {fileID: 0}
  m_ScaleInLightmap: 1
  m_PreserveUVs: 0
  m_IgnoreNormalsForChartDetection: 0
  m_ImportantGI: 0
  m_SelectedEditorRenderState: 3
  m_MinimumChartSize: 4
  m_AutoUVMaxDistance: 0.5
  m_AutoUVMaxAngle: 89
  m_LightmapParameters: {fileID: 0}
  m_SortingLayerID: 0
  m_SortingLayer: 0
  m_SortingOrder: 0
--- !u!33 &33139186436127456
MeshFilter:
  m_ObjectHideFlags: 1
  m_PrefabParentObject: {fileID: 0}
  m_PrefabInternal: {fileID: 100100000}
  m_GameObject: {fileID: 1230834065684328}
  m_Mesh: {fileID: 4300000, guid: c737bdfa53c59a84d88ef3d3718ce947, type: 3}
--- !u!33 &33308775828573792
MeshFilter:
  m_ObjectHideFlags: 1
  m_PrefabParentObject: {fileID: 0}
  m_PrefabInternal: {fileID: 100100000}
  m_GameObject: {fileID: 1799438545977778}
  m_Mesh: {fileID: 4300000, guid: c737bdfa53c59a84d88ef3d3718ce947, type: 3}
--- !u!33 &33631362435530298
MeshFilter:
  m_ObjectHideFlags: 1
  m_PrefabParentObject: {fileID: 0}
  m_PrefabInternal: {fileID: 100100000}
  m_GameObject: {fileID: 1916973548709422}
  m_Mesh: {fileID: 4300000, guid: c737bdfa53c59a84d88ef3d3718ce947, type: 3}
--- !u!33 &33897201491362178
MeshFilter:
  m_ObjectHideFlags: 1
  m_PrefabParentObject: {fileID: 0}
  m_PrefabInternal: {fileID: 100100000}
  m_GameObject: {fileID: 1533282062760274}
  m_Mesh: {fileID: 4300000, guid: c737bdfa53c59a84d88ef3d3718ce947, type: 3}
--- !u!65 &65672468336865498
BoxCollider:
  m_ObjectHideFlags: 1
  m_PrefabParentObject: {fileID: 0}
  m_PrefabInternal: {fileID: 100100000}
  m_GameObject: {fileID: 1770378242824932}
  m_Material: {fileID: 0}
  m_IsTrigger: 1
  m_Enabled: 1
  serializedVersion: 2
  m_Size: {x: 1, y: 1, z: 1}
  m_Center: {x: 0, y: 0, z: 0}
--- !u!114 &114013151995976184
MonoBehaviour:
  m_ObjectHideFlags: 1
  m_PrefabParentObject: {fileID: 0}
  m_PrefabInternal: {fileID: 100100000}
  m_GameObject: {fileID: 1614475287001112}
  m_Enabled: 1
  m_EditorHideFlags: 0
  m_Script: {fileID: 11500000, guid: 4176fb0c114a115449b3ca82e0196710, type: 3}
  m_Name: 
  m_EditorClassIdentifier: 
  nextEvent: {fileID: 114477841384955222}
  avatar:
    namedAvatar: 1
    sceneAvatar: {fileID: 0}
    useSceneAvatar: 0
    useActionAvatar: 0
    useNamedAvatar: 1
  enable: 1
  disable: 0
  cantAct: 0
  cantMove: 0
  removeFromSequenceMode: 1
--- !u!114 &114022697959923214
MonoBehaviour:
  m_ObjectHideFlags: 1
  m_PrefabParentObject: {fileID: 0}
  m_PrefabInternal: {fileID: 100100000}
  m_GameObject: {fileID: 1179697777111220}
  m_Enabled: 1
  m_EditorHideFlags: 0
  m_Script: {fileID: 11500000, guid: 36fbd4f49f950154c81a79143856c888, type: 3}
  m_Name: 
  m_EditorClassIdentifier: 
  nextEvent: {fileID: 0}
--- !u!114 &114211417870245830
MonoBehaviour:
  m_ObjectHideFlags: 1
  m_PrefabParentObject: {fileID: 0}
  m_PrefabInternal: {fileID: 100100000}
  m_GameObject: {fileID: 1770378242824932}
  m_Enabled: 1
  m_EditorHideFlags: 0
  m_Script: {fileID: 11500000, guid: df453d23d46cbe54a802a803e22f3725, type: 3}
  m_Name: 
  m_EditorClassIdentifier: 
  triggersLeft: 1
  infiniteTriggers: 1
  avatarMustBeInCollider: 0
  avatarMustBeActive: 1
  triggerCollider: {fileID: 114908866091333406}
  stageToActivate: {fileID: 114234753322778304}
  triggerStartsAsEnabled: 1
  onTriggerEnter: {fileID: 0}
  onTriggerExit: {fileID: 0}
--- !u!114 &114234753322778304
MonoBehaviour:
  m_ObjectHideFlags: 1
  m_PrefabParentObject: {fileID: 0}
  m_PrefabInternal: {fileID: 100100000}
  m_GameObject: {fileID: 1442323499407522}
  m_Enabled: 1
  m_EditorHideFlags: 0
  m_Script: {fileID: 11500000, guid: 1c4828d4be260034b86bf97427059840, type: 3}
  m_Name: 
  m_EditorClassIdentifier: 
  branches:
  - {fileID: 114979579874678716}
  events:
  - {fileID: 114624833490094260}
  dialogues: []
--- !u!114 &114265409905983304
MonoBehaviour:
  m_ObjectHideFlags: 1
  m_PrefabParentObject: {fileID: 0}
  m_PrefabInternal: {fileID: 100100000}
  m_GameObject: {fileID: 1822292400072800}
  m_Enabled: 1
  m_EditorHideFlags: 0
  m_Script: {fileID: 11500000, guid: dac3516b8ef36b24984d1449c0a52465, type: 3}
  m_Name: 
  m_EditorClassIdentifier: 
  nextEvent: {fileID: 114747430279145232}
  avatar:
    namedAvatar: 0
    sceneAvatar: {fileID: 0}
    useSceneAvatar: 0
    useActionAvatar: 1
    useNamedAvatar: 0
  animationType: 0
  runEventsOnPointOfContact: 1
  waitForEndOfAnimation: 1
  pointOfContactEvents: []
--- !u!114 &114276655162935366
MonoBehaviour:
  m_ObjectHideFlags: 1
  m_PrefabParentObject: {fileID: 0}
  m_PrefabInternal: {fileID: 100100000}
  m_GameObject: {fileID: 1442323499407522}
  m_Enabled: 1
  m_EditorHideFlags: 0
  m_Script: {fileID: 11500000, guid: 4176fb0c114a115449b3ca82e0196710, type: 3}
  m_Name: 
  m_EditorClassIdentifier: 
  nextEvent: {fileID: 114588349290051220}
  avatar:
    namedAvatar: 1
    sceneAvatar: {fileID: 0}
    useSceneAvatar: 0
    useActionAvatar: 0
    useNamedAvatar: 1
  enable: 0
  disable: 0
  cantAct: 1
  cantMove: 1
  removeFromSequenceMode: 0
--- !u!114 &114456452942251458
MonoBehaviour:
  m_ObjectHideFlags: 1
  m_PrefabParentObject: {fileID: 0}
  m_PrefabInternal: {fileID: 100100000}
  m_GameObject: {fileID: 1442323499407522}
  m_Enabled: 1
  m_EditorHideFlags: 0
  m_Script: {fileID: 11500000, guid: 36fbd4f49f950154c81a79143856c888, type: 3}
  m_Name: 
  m_EditorClassIdentifier: 
  nextEvent: {fileID: 0}
--- !u!114 &114477841384955222
MonoBehaviour:
  m_ObjectHideFlags: 1
  m_PrefabParentObject: {fileID: 0}
  m_PrefabInternal: {fileID: 100100000}
  m_GameObject: {fileID: 1614475287001112}
  m_Enabled: 1
  m_EditorHideFlags: 0
  m_Script: {fileID: 11500000, guid: 01d5774179f458c44af5bc942c0c01f3, type: 3}
  m_Name: 
  m_EditorClassIdentifier: 
  nextEvent: {fileID: 114606849135174052}
  triggersToEnable: []
  triggersToDisable:
  - {fileID: 114211417870245830}
--- !u!114 &114572240034544460
MonoBehaviour:
  m_ObjectHideFlags: 1
  m_PrefabParentObject: {fileID: 0}
  m_PrefabInternal: {fileID: 100100000}
  m_GameObject: {fileID: 1614475287001112}
  m_Enabled: 1
  m_EditorHideFlags: 0
  m_Script: {fileID: 11500000, guid: 1c4828d4be260034b86bf97427059840, type: 3}
  m_Name: 
  m_EditorClassIdentifier: 
  branches: []
  events:
  - {fileID: 114756200305590172}
  dialogues: []
--- !u!114 &114588349290051220
MonoBehaviour:
  m_ObjectHideFlags: 1
  m_PrefabParentObject: {fileID: 0}
  m_PrefabInternal: {fileID: 100100000}
  m_GameObject: {fileID: 1442323499407522}
  m_Enabled: 1
  m_EditorHideFlags: 0
  m_Script: {fileID: 11500000, guid: dac3516b8ef36b24984d1449c0a52465, type: 3}
  m_Name: 
  m_EditorClassIdentifier: 
  nextEvent: {fileID: 114456452942251458}
  avatar:
    namedAvatar: 0
    sceneAvatar: {fileID: 0}
    useSceneAvatar: 0
    useActionAvatar: 1
    useNamedAvatar: 0
  animationType: 0
  runEventsOnPointOfContact: 1
  waitForEndOfAnimation: 0
  pointOfContactEvents: []
--- !u!114 &114606849135174052
MonoBehaviour:
  m_ObjectHideFlags: 1
  m_PrefabParentObject: {fileID: 0}
  m_PrefabInternal: {fileID: 100100000}
  m_GameObject: {fileID: 1614475287001112}
  m_Enabled: 1
  m_EditorHideFlags: 0
  m_Script: {fileID: 11500000, guid: 36fbd4f49f950154c81a79143856c888, type: 3}
  m_Name: 
  m_EditorClassIdentifier: 
  nextEvent: {fileID: 0}
--- !u!114 &114624833490094260
MonoBehaviour:
  m_ObjectHideFlags: 1
  m_PrefabParentObject: {fileID: 0}
  m_PrefabInternal: {fileID: 100100000}
  m_GameObject: {fileID: 1442323499407522}
  m_Enabled: 1
  m_EditorHideFlags: 0
  m_Script: {fileID: 11500000, guid: eaa636e55bbbc2d488aa264014f49514, type: 3}
  m_Name: 
  m_EditorClassIdentifier: 
  nextEvent: {fileID: 114893085235844098}
  positions:
  - character: 0
    destination: {fileID: 4043292941050734}
  - character: 1
    destination: {fileID: 4705122238084000}
--- !u!114 &114678817020423232
MonoBehaviour:
  m_ObjectHideFlags: 1
  m_PrefabParentObject: {fileID: 0}
  m_PrefabInternal: {fileID: 100100000}
  m_GameObject: {fileID: 1822292400072800}
  m_Enabled: 1
  m_EditorHideFlags: 0
  m_Script: {fileID: 11500000, guid: 1c4828d4be260034b86bf97427059840, type: 3}
  m_Name: 
  m_EditorClassIdentifier: 
  branches:
  - {fileID: 114572240034544460}
  events:
  - {fileID: 114758602868911504}
  dialogues:
  - nameText: "Angus \xD3g"
    dialogueText: I don't know. But it looks... volatile.
    portrait: {fileID: 0}
    voiceOver: {fileID: 0}
--- !u!114 &114747430279145232
MonoBehaviour:
  m_ObjectHideFlags: 1
  m_PrefabParentObject: {fileID: 0}
  m_PrefabInternal: {fileID: 100100000}
  m_GameObject: {fileID: 1822292400072800}
  m_Enabled: 1
  m_EditorHideFlags: 0
  m_Script: {fileID: 11500000, guid: 36fbd4f49f950154c81a79143856c888, type: 3}
  m_Name: 
  m_EditorClassIdentifier: 
  nextEvent: {fileID: 0}
--- !u!114 &114756200305590172
MonoBehaviour:
  m_ObjectHideFlags: 1
  m_PrefabParentObject: {fileID: 0}
  m_PrefabInternal: {fileID: 100100000}
  m_GameObject: {fileID: 1614475287001112}
  m_Enabled: 1
  m_EditorHideFlags: 0
  m_Script: {fileID: 11500000, guid: 4176fb0c114a115449b3ca82e0196710, type: 3}
  m_Name: 
  m_EditorClassIdentifier: 
  nextEvent: {fileID: 114013151995976184}
  avatar:
    namedAvatar: 0
    sceneAvatar: {fileID: 0}
    useSceneAvatar: 0
    useActionAvatar: 0
    useNamedAvatar: 1
  enable: 1
  disable: 0
  cantAct: 0
  cantMove: 0
  removeFromSequenceMode: 1
--- !u!114 &114758602868911504
MonoBehaviour:
  m_ObjectHideFlags: 1
  m_PrefabParentObject: {fileID: 0}
  m_PrefabInternal: {fileID: 100100000}
  m_GameObject: {fileID: 1822292400072800}
  m_Enabled: 1
  m_EditorHideFlags: 0
  m_Script: {fileID: 11500000, guid: b1a78143766b70245b4f38612a78b8ac, type: 3}
  m_Name: 
  m_EditorClassIdentifier: 
  nextEvent: {fileID: 114265409905983304}
  avatar:
    namedAvatar: 1
    sceneAvatar: {fileID: 0}
    useSceneAvatar: 0
    useActionAvatar: 0
    useNamedAvatar: 1
  lookAtTarget: {fileID: 4457815813645416}
  keepFollowing: 0
--- !u!114 &114893085235844098
MonoBehaviour:
  m_ObjectHideFlags: 1
  m_PrefabParentObject: {fileID: 0}
  m_PrefabInternal: {fileID: 100100000}
  m_GameObject: {fileID: 1442323499407522}
  m_Enabled: 1
  m_EditorHideFlags: 0
  m_Script: {fileID: 11500000, guid: 4176fb0c114a115449b3ca82e0196710, type: 3}
  m_Name: 
  m_EditorClassIdentifier: 
  nextEvent: {fileID: 114276655162935366}
  avatar:
    namedAvatar: 0
    sceneAvatar: {fileID: 0}
    useSceneAvatar: 0
    useActionAvatar: 0
    useNamedAvatar: 1
  enable: 0
  disable: 0
  cantAct: 1
  cantMove: 1
  removeFromSequenceMode: 0
--- !u!114 &114908866091333406
MonoBehaviour:
  m_ObjectHideFlags: 1
  m_PrefabParentObject: {fileID: 0}
  m_PrefabInternal: {fileID: 100100000}
  m_GameObject: {fileID: 1770378242824932}
  m_Enabled: 1
  m_EditorHideFlags: 0
  m_Script: {fileID: 11500000, guid: df9912fd9019cc342a98a37d9f94d677, type: 3}
  m_Name: 
  m_EditorClassIdentifier: 
  trigger: {fileID: 114211417870245830}
--- !u!114 &114971040237389862
MonoBehaviour:
  m_ObjectHideFlags: 1
  m_PrefabParentObject: {fileID: 0}
  m_PrefabInternal: {fileID: 100100000}
  m_GameObject: {fileID: 1179697777111220}
  m_Enabled: 1
  m_EditorHideFlags: 0
  m_Script: {fileID: 11500000, guid: 2b709fd2c40980845862882b631ad3ea, type: 3}
  m_Name: 
  m_EditorClassIdentifier: 
  nextEvent: {fileID: 114022697959923214}
  avatar:
    namedAvatar: 1
    sceneAvatar: {fileID: 0}
    useSceneAvatar: 0
    useActionAvatar: 0
    useNamedAvatar: 1
  destination: {fileID: 4179672191650358}
  run: 0
--- !u!114 &114979579874678716
MonoBehaviour:
  m_ObjectHideFlags: 1
  m_PrefabParentObject: {fileID: 0}
  m_PrefabInternal: {fileID: 100100000}
  m_GameObject: {fileID: 1179697777111220}
  m_Enabled: 1
  m_EditorHideFlags: 0
  m_Script: {fileID: 11500000, guid: 1c4828d4be260034b86bf97427059840, type: 3}
  m_Name: 
  m_EditorClassIdentifier: 
  branches:
  - {fileID: 114678817020423232}
  events:
  - {fileID: 114971040237389862}
  dialogues:
  - nameText: Aon
    dialogueText: What is this place?
    portrait: {fileID: 0}
    voiceOver: {fileID: 0}
