%YAML 1.1
%TAG !u! tag:unity3d.com,2011:
--- !u!1001 &100100000
Prefab:
  m_ObjectHideFlags: 1
  serializedVersion: 2
  m_Modification:
    m_TransformParent: {fileID: 0}
    m_Modifications: []
    m_RemovedComponents: []
  m_ParentPrefab: {fileID: 0}
  m_RootGameObject: {fileID: 1587071258731600}
  m_IsPrefabParent: 1
--- !u!1 &1587071258731600
GameObject:
  m_ObjectHideFlags: 0
  m_PrefabParentObject: {fileID: 0}
  m_PrefabInternal: {fileID: 100100000}
  serializedVersion: 5
  m_Component:
  - component: {fileID: 4008506444502366}
  - component: {fileID: 65974492544000164}
  - component: {fileID: 114441243487563986}
  - component: {fileID: 114754552607296916}
  - component: {fileID: 114278294417135346}
  m_Layer: 0
  m_Name: Inventory Interaction Trigger
  m_TagString: Untagged
  m_Icon: {fileID: 0}
  m_NavMeshLayer: 0
  m_StaticEditorFlags: 0
  m_IsActive: 1
--- !u!4 &4008506444502366
Transform:
  m_ObjectHideFlags: 1
  m_PrefabParentObject: {fileID: 0}
  m_PrefabInternal: {fileID: 100100000}
  m_GameObject: {fileID: 1587071258731600}
  m_LocalRotation: {x: -1.2006691e-15, y: -0, z: 7.351042e-16, w: 1}
  m_LocalPosition: {x: -175.12, y: 50.93, z: 9.75}
  m_LocalScale: {x: 1, y: 1, z: 1}
  m_Children: []
  m_Father: {fileID: 0}
  m_RootOrder: 0
  m_LocalEulerAnglesHint: {x: 0, y: 0, z: 0}
--- !u!65 &65974492544000164
BoxCollider:
  m_ObjectHideFlags: 1
  m_PrefabParentObject: {fileID: 0}
  m_PrefabInternal: {fileID: 100100000}
  m_GameObject: {fileID: 1587071258731600}
  m_Material: {fileID: 0}
  m_IsTrigger: 1
  m_Enabled: 1
  serializedVersion: 2
  m_Size: {x: 1, y: 1, z: 1}
  m_Center: {x: 0, y: 0, z: 0}
--- !u!114 &114278294417135346
MonoBehaviour:
  m_ObjectHideFlags: 1
  m_PrefabParentObject: {fileID: 0}
  m_PrefabInternal: {fileID: 100100000}
  m_GameObject: {fileID: 1587071258731600}
  m_Enabled: 1
  m_EditorHideFlags: 0
  m_Script: {fileID: 11500000, guid: c4e5b89715786724c938a570d24b0809, type: 3}
  m_Name: 
  m_EditorClassIdentifier: 
  depletesItemOnUse: 0
  targetItem: {fileID: 11400000, guid: 2ef18c831bcf11040aa200dd4c22180e, type: 2}
  displayInteractionIcon: 1
--- !u!114 &114441243487563986
MonoBehaviour:
  m_ObjectHideFlags: 1
  m_PrefabParentObject: {fileID: 0}
  m_PrefabInternal: {fileID: 100100000}
  m_GameObject: {fileID: 1587071258731600}
  m_Enabled: 1
  m_EditorHideFlags: 0
  m_Script: {fileID: 11500000, guid: b5851739177b46a498dda3d90e2d5c5b, type: 3}
  m_Name: 
  m_EditorClassIdentifier: 
  stageToTrigger: {fileID: 0}
--- !u!114 &114754552607296916
MonoBehaviour:
  m_ObjectHideFlags: 1
  m_PrefabParentObject: {fileID: 0}
  m_PrefabInternal: {fileID: 100100000}
  m_GameObject: {fileID: 1587071258731600}
  m_Enabled: 1
  m_EditorHideFlags: 0
  m_Script: {fileID: 11500000, guid: 18eb2c73afcdb144a990d3f6f055ddb2, type: 3}
  m_Name: 
  m_EditorClassIdentifier: 
  isInfinite: 0
  remainingTriggers: 1
