%YAML 1.1
%TAG !u! tag:unity3d.com,2011:
--- !u!1001 &100100000
Prefab:
  m_ObjectHideFlags: 1
  serializedVersion: 2
  m_Modification:
    m_TransformParent: {fileID: 0}
    m_Modifications: []
    m_RemovedComponents: []
  m_SourcePrefab: {fileID: 0}
  m_RootGameObject: {fileID: 1984590076223184}
  m_IsPrefabAsset: 1
--- !u!1 &1984590076223184
GameObject:
  m_ObjectHideFlags: 0
  m_CorrespondingSourceObject: {fileID: 0}
  m_PrefabInternal: {fileID: 100100000}
  serializedVersion: 6
  m_Component:
  - component: {fileID: 4821437273865658}
  - component: {fileID: 114552261772206170}
  - component: {fileID: 114431315944756850}
  - component: {fileID: 114886815406213360}
  - component: {fileID: 114082309376427184}
  m_Layer: 0
  m_Name: 2 Action - Create Persistency - Martyr
  m_TagString: Untagged
  m_Icon: {fileID: 0}
  m_NavMeshLayer: 0
  m_StaticEditorFlags: 0
  m_IsActive: 1
--- !u!4 &4821437273865658
Transform:
  m_ObjectHideFlags: 1
  m_CorrespondingSourceObject: {fileID: 0}
  m_PrefabInternal: {fileID: 100100000}
  m_GameObject: {fileID: 1984590076223184}
  m_LocalRotation: {x: 0, y: 0, z: 0, w: 1}
  m_LocalPosition: {x: 580.6163, y: 715.5936, z: -257.44333}
  m_LocalScale: {x: 1, y: 1, z: 1}
  m_Children: []
  m_Father: {fileID: 0}
  m_RootOrder: 0
  m_LocalEulerAnglesHint: {x: 0, y: 0, z: 0}
--- !u!114 &114082309376427184
MonoBehaviour:
  m_ObjectHideFlags: 1
  m_CorrespondingSourceObject: {fileID: 0}
  m_PrefabInternal: {fileID: 100100000}
  m_GameObject: {fileID: 1984590076223184}
  m_Enabled: 1
  m_EditorHideFlags: 0
  m_Script: {fileID: 11500000, guid: 1e3162878a60d6444b60544781acf5fb, type: 3}
  m_Name: 
  m_EditorClassIdentifier: 
  values: []
  uiName: 
  uiDescription: 
  persistency: {fileID: 114886730623467574, guid: 6f1a405349f349e48b9d99dea5dad867,
    type: 2}
--- !u!114 &114431315944756850
MonoBehaviour:
  m_ObjectHideFlags: 1
  m_CorrespondingSourceObject: {fileID: 0}
  m_PrefabInternal: {fileID: 100100000}
  m_GameObject: {fileID: 1984590076223184}
  m_Enabled: 1
  m_EditorHideFlags: 0
  m_Script: {fileID: 11500000, guid: 6b4a69df065a34546a030da6e7559e28, type: 3}
  m_Name: 
  m_EditorClassIdentifier: 
  targets:
  - copyTargetsFrom: 0
    autoTarget: 0
    triggerAutoTarget: 0
    persistencyAutoTarget: 0
    enchantedIndex: 0
    skillName: 
    instructions: 
    targets: []
    targetsWhoAvoided: []
    maxTargets: 1
    effectRange: 0
    targetType: 0
    targetAlignment: 0
    displayInstructions: Select 1 target to enchant.
--- !u!114 &114552261772206170
MonoBehaviour:
  m_ObjectHideFlags: 1
  m_CorrespondingSourceObject: {fileID: 0}
  m_PrefabInternal: {fileID: 100100000}
  m_GameObject: {fileID: 1984590076223184}
  m_Enabled: 1
  m_EditorHideFlags: 0
  m_Script: {fileID: 11500000, guid: 58d7325fcc8ab6440bdfae2293126cc9, type: 3}
  m_Name: 
  m_EditorClassIdentifier: 
--- !u!114 &114886815406213360
MonoBehaviour:
  m_ObjectHideFlags: 1
  m_CorrespondingSourceObject: {fileID: 0}
  m_PrefabInternal: {fileID: 100100000}
  m_GameObject: {fileID: 1984590076223184}
  m_Enabled: 1
  m_EditorHideFlags: 0
  m_Script: {fileID: 11500000, guid: 28237cda4b6ca6f4b957335c7f480850, type: 3}
  m_Name: 
  m_EditorClassIdentifier: 
  animationRoutine:
  - animation: 0
    targetNature: 2
    pointOfContactEffect: {fileID: 114082309376427184}
    targetProfileIndex: 0
    targetIndex: 0
    setAsCounterAttack: 0
