%YAML 1.1
%TAG !u! tag:unity3d.com,2011:
--- !u!1001 &100100000
Prefab:
  m_ObjectHideFlags: 1
  serializedVersion: 2
  m_Modification:
    m_TransformParent: {fileID: 0}
    m_Modifications: []
    m_RemovedComponents: []
  m_SourcePrefab: {fileID: 0}
  m_RootGameObject: {fileID: 1140401585397834}
  m_IsPrefabAsset: 1
--- !u!1 &1140401585397834
GameObject:
  m_ObjectHideFlags: 0
  m_CorrespondingSourceObject: {fileID: 0}
  m_PrefabInternal: {fileID: 100100000}
  serializedVersion: 6
  m_Component:
  - component: {fileID: 224923632905733600}
  - component: {fileID: 222841459780496952}
  - component: {fileID: 114626722148657800}
  - component: {fileID: 114886730623467574}
  - component: {fileID: 114448627678411706}
  - component: {fileID: 114012004611411350}
  m_Layer: 0
  m_Name: 3 Persistency - Aura
  m_TagString: EditorOnly
  m_Icon: {fileID: 0}
  m_NavMeshLayer: 0
  m_StaticEditorFlags: 0
  m_IsActive: 1
--- !u!1 &1820237133229544
GameObject:
  m_ObjectHideFlags: 0
  m_CorrespondingSourceObject: {fileID: 0}
  m_PrefabInternal: {fileID: 100100000}
  serializedVersion: 6
  m_Component:
  - component: {fileID: 224796952273792292}
  - component: {fileID: 114602046618087628}
  - component: {fileID: 114835741831083080}
  - component: {fileID: 114873652749676808}
  m_Layer: 0
  m_Name: TriggeredAction1
  m_TagString: Untagged
  m_Icon: {fileID: 0}
  m_NavMeshLayer: 0
  m_StaticEditorFlags: 0
  m_IsActive: 1
--- !u!114 &114012004611411350
MonoBehaviour:
  m_ObjectHideFlags: 1
  m_CorrespondingSourceObject: {fileID: 0}
  m_PrefabInternal: {fileID: 100100000}
  m_GameObject: {fileID: 1140401585397834}
  m_Enabled: 1
  m_EditorHideFlags: 0
  m_Script: {fileID: 11500000, guid: 648b2a69493b7b64ebed710e80cdfc3b, type: 3}
  m_Name: 
  m_EditorClassIdentifier: 
  mod:
    conditions:
    - targetToCheck: 0
      stateToCheck: 0
    type: 1
    addition: 2
    multiplication: 1
    sourceMustBe: 2
    targetMustBe: 0
--- !u!114 &114448627678411706
MonoBehaviour:
  m_ObjectHideFlags: 1
  m_CorrespondingSourceObject: {fileID: 0}
  m_PrefabInternal: {fileID: 100100000}
  m_GameObject: {fileID: 1140401585397834}
  m_Enabled: 1
  m_EditorHideFlags: 0
  m_Script: {fileID: 11500000, guid: a0a1a75d969a7e7408782327a46e910d, type: 3}
  m_Name: 
  m_EditorClassIdentifier: 
  uiName: Aura
  uiDescription: 
  uiIcon: {fileID: 21300000, guid: 50df9a55e35462e4b9e048c6ba601c95, type: 3}
  anchorPoint: {x: 0, y: 0}
--- !u!114 &114602046618087628
MonoBehaviour:
  m_ObjectHideFlags: 1
  m_CorrespondingSourceObject: {fileID: 0}
  m_PrefabInternal: {fileID: 100100000}
  m_GameObject: {fileID: 1820237133229544}
  m_Enabled: 1
  m_EditorHideFlags: 0
  m_Script: {fileID: 11500000, guid: 864152279ede05e4f9334b1476cf494b, type: 3}
  m_Name: 
  m_EditorClassIdentifier: 
  action: {fileID: 114060211772218500, guid: f458eac10087f2942bd0a8ff9e66a3df, type: 2}
--- !u!114 &114626722148657800
MonoBehaviour:
  m_ObjectHideFlags: 1
  m_CorrespondingSourceObject: {fileID: 0}
  m_PrefabInternal: {fileID: 100100000}
  m_GameObject: {fileID: 1140401585397834}
  m_Enabled: 1
  m_EditorHideFlags: 0
  m_Script: {fileID: -765806418, guid: f5f67c52d1564df4a8936ccd202a3bd8, type: 3}
  m_Name: 
  m_EditorClassIdentifier: 
  m_Material: {fileID: 0}
  m_Color: {r: 1, g: 1, b: 1, a: 1}
  m_RaycastTarget: 1
  m_OnCullStateChanged:
    m_PersistentCalls:
      m_Calls: []
    m_TypeName: UnityEngine.UI.MaskableGraphic+CullStateChangedEvent, UnityEngine.UI,
      Version=1.0.0.0, Culture=neutral, PublicKeyToken=null
  m_Sprite: {fileID: 21300000, guid: 50df9a55e35462e4b9e048c6ba601c95, type: 3}
  m_Type: 0
  m_PreserveAspect: 0
  m_FillCenter: 1
  m_FillMethod: 4
  m_FillAmount: 1
  m_FillClockwise: 1
  m_FillOrigin: 0
--- !u!114 &114835741831083080
MonoBehaviour:
  m_ObjectHideFlags: 1
  m_CorrespondingSourceObject: {fileID: 0}
  m_PrefabInternal: {fileID: 100100000}
  m_GameObject: {fileID: 1820237133229544}
  m_Enabled: 1
  m_EditorHideFlags: 0
  m_Script: {fileID: 11500000, guid: bb6b9c8bb8996ac4c8695a6da9f2b6a6, type: 3}
  m_Name: 
  m_EditorClassIdentifier: 
  profile:
    actor1: 0
    actor1EnchantedIndex: 0
    actuality: 0
    result: 0
    resultValueThreshold: 1
    resultValue: 2
    actor2: 0
    actor2EnchantedIndex: 0
    actorDisposition: 0
    effectDisposition: 2
    skillType: 0
    recordCounterAttacks: 0
  segregateBy: 0
  purgeFrequency: 0
  dontClearOnTrigger: 0
--- !u!114 &114873652749676808
MonoBehaviour:
  m_ObjectHideFlags: 1
  m_CorrespondingSourceObject: {fileID: 0}
  m_PrefabInternal: {fileID: 100100000}
  m_GameObject: {fileID: 1820237133229544}
  m_Enabled: 1
  m_EditorHideFlags: 0
  m_Script: {fileID: 11500000, guid: d9b584bca3c884142882fa3ca664fa1f, type: 3}
  m_Name: 
  m_EditorClassIdentifier: 
  profile:
    instance: 0
    actor1AmountThreshold: 0
    actor1Amount: 0
    actor1: 0
    actor1EnchantedIndex: 0
    result: 0
    resultValueThreshold: 1
    resultValue: 3
    actor2AmountThreshold: 0
    actor2Amount: 0
    actor2: 0
    invert: 0
    alwaysReturnSuccess: 0
--- !u!114 &114886730623467574
MonoBehaviour:
  m_ObjectHideFlags: 1
  m_CorrespondingSourceObject: {fileID: 0}
  m_PrefabInternal: {fileID: 100100000}
  m_GameObject: {fileID: 1140401585397834}
  m_Enabled: 1
  m_EditorHideFlags: 0
  m_Script: {fileID: 11500000, guid: c8ff85d430876284fb9494638603b84d, type: 3}
  m_Name: 
  m_EditorClassIdentifier: 
  disposition: 0
  activeWhenDead: 0
  casterType: 0
  action: {fileID: 0}
--- !u!222 &222841459780496952
CanvasRenderer:
  m_ObjectHideFlags: 1
  m_CorrespondingSourceObject: {fileID: 0}
  m_PrefabInternal: {fileID: 100100000}
  m_GameObject: {fileID: 1140401585397834}
  m_CullTransparentMesh: 0
--- !u!224 &224796952273792292
RectTransform:
  m_ObjectHideFlags: 1
  m_CorrespondingSourceObject: {fileID: 0}
  m_PrefabInternal: {fileID: 100100000}
  m_GameObject: {fileID: 1820237133229544}
  m_LocalRotation: {x: 0, y: 0, z: 0, w: 1}
  m_LocalPosition: {x: 0, y: 0, z: 0}
  m_LocalScale: {x: 1, y: 1, z: 1}
  m_Children: []
  m_Father: {fileID: 224923632905733600}
  m_RootOrder: 0
  m_LocalEulerAnglesHint: {x: 0, y: 0, z: 0}
  m_AnchorMin: {x: 0.5, y: 0.5}
  m_AnchorMax: {x: 0.5, y: 0.5}
  m_AnchoredPosition: {x: -14, y: -14}
  m_SizeDelta: {x: 100, y: 100}
  m_Pivot: {x: 0.5, y: 0.5}
--- !u!224 &224923632905733600
RectTransform:
  m_ObjectHideFlags: 1
  m_CorrespondingSourceObject: {fileID: 0}
  m_PrefabInternal: {fileID: 100100000}
  m_GameObject: {fileID: 1140401585397834}
  m_LocalRotation: {x: 0, y: 0, z: 0, w: 1}
  m_LocalPosition: {x: 0, y: 0, z: 0}
  m_LocalScale: {x: 1, y: 1, z: 1}
  m_Children:
  - {fileID: 224796952273792292}
  m_Father: {fileID: 0}
  m_RootOrder: 0
  m_LocalEulerAnglesHint: {x: 0, y: 0, z: 0}
  m_AnchorMin: {x: 0, y: 0}
  m_AnchorMax: {x: 0, y: 0}
  m_AnchoredPosition: {x: 0, y: 0}
  m_SizeDelta: {x: 28, y: 28}
  m_Pivot: {x: 0, y: 0}
