%YAML 1.1
%TAG !u! tag:unity3d.com,2011:
--- !u!1 &1984590076223184
GameObject:
  m_ObjectHideFlags: 0
  m_CorrespondingSourceObject: {fileID: 0}
  m_PrefabInstance: {fileID: 0}
  m_PrefabAsset: {fileID: 0}
  serializedVersion: 6
  m_Component:
  - component: {fileID: 4821437273865658}
  - component: {fileID: 114552261772206170}
  - component: {fileID: 114431315944756850}
  - component: {fileID: 7902554139469868320}
  - component: {fileID: -1119181378494604490}
  - component: {fileID: -8578194272313590483}
  - component: {fileID: 4074764210067107322}
  - component: {fileID: 6362515984065447252}
  - component: {fileID: -3192878358682848847}
  - component: {fileID: 114082309376427184}
  m_Layer: 0
  m_Name: 2 Action - Create Persistency - Counter Attack
  m_TagString: Untagged
  m_Icon: {fileID: 0}
  m_NavMeshLayer: 0
  m_StaticEditorFlags: 0
  m_IsActive: 1
--- !u!4 &4821437273865658
Transform:
  m_ObjectHideFlags: 0
  m_CorrespondingSourceObject: {fileID: 0}
  m_PrefabInstance: {fileID: 0}
  m_PrefabAsset: {fileID: 0}
  m_GameObject: {fileID: 1984590076223184}
  m_LocalRotation: {x: 0, y: 0, z: 0, w: 1}
  m_LocalPosition: {x: 580.6163, y: 715.5936, z: -257.44333}
  m_LocalScale: {x: 1, y: 1, z: 1}
  m_Children: []
  m_Father: {fileID: 0}
  m_RootOrder: 0
  m_LocalEulerAnglesHint: {x: 0, y: 0, z: 0}
--- !u!114 &114552261772206170
MonoBehaviour:
  m_ObjectHideFlags: 0
  m_CorrespondingSourceObject: {fileID: 0}
  m_PrefabInstance: {fileID: 0}
  m_PrefabAsset: {fileID: 0}
  m_GameObject: {fileID: 1984590076223184}
  m_Enabled: 1
  m_EditorHideFlags: 0
  m_Script: {fileID: 11500000, guid: 58d7325fcc8ab6440bdfae2293126cc9, type: 3}
  m_Name: 
  m_EditorClassIdentifier: 
--- !u!114 &114431315944756850
MonoBehaviour:
  m_ObjectHideFlags: 0
  m_CorrespondingSourceObject: {fileID: 0}
  m_PrefabInstance: {fileID: 0}
  m_PrefabAsset: {fileID: 0}
  m_GameObject: {fileID: 1984590076223184}
  m_Enabled: 1
  m_EditorHideFlags: 0
  m_Script: {fileID: 11500000, guid: 6b4a69df065a34546a030da6e7559e28, type: 3}
  m_Name: 
  m_EditorClassIdentifier: 
  targetProfiles:
  - conditions: 
    conditionList:
      conditions: 
    copyTargetsFrom: 0
    autoTarget: 1
    persistencyAutoTarget: 0
    instructions: 
    targets: []
    targetsWhoAvoided: []
    maxTargets: 0
    targetType: 0
    targetAlignment: 0
    displayInstructions: 
  targetMarkerPrefab: {fileID: 0}
--- !u!114 &7902554139469868320
MonoBehaviour:
  m_ObjectHideFlags: 0
  m_CorrespondingSourceObject: {fileID: 0}
  m_PrefabInstance: {fileID: 0}
  m_PrefabAsset: {fileID: 0}
  m_GameObject: {fileID: 1984590076223184}
  m_Enabled: 1
  m_EditorHideFlags: 0
  m_Script: {fileID: 11500000, guid: 4f8d5f707093dc54f9657ed0e7aeccd2, type: 3}
  m_Name: 
  m_EditorClassIdentifier: 
--- !u!114 &-1119181378494604490
MonoBehaviour:
  m_ObjectHideFlags: 0
  m_CorrespondingSourceObject: {fileID: 0}
  m_PrefabInstance: {fileID: 0}
  m_PrefabAsset: {fileID: 0}
  m_GameObject: {fileID: 1984590076223184}
  m_Enabled: 1
  m_EditorHideFlags: 0
  m_Script: {fileID: 11500000, guid: 4118e8fc7463007478de5b22cf8c741b, type: 3}
  m_Name: 
  m_EditorClassIdentifier: 
  disposition: 2
  rangeType: 3
  skillType: 1
  isCounterAttack: 0
--- !u!114 &-8578194272313590483
MonoBehaviour:
  m_ObjectHideFlags: 0
  m_CorrespondingSourceObject: {fileID: 0}
  m_PrefabInstance: {fileID: 0}
  m_PrefabAsset: {fileID: 0}
  m_GameObject: {fileID: 1984590076223184}
  m_Enabled: 1
  m_EditorHideFlags: 0
  m_Script: {fileID: 11500000, guid: fd2b622e2b464f64f9fd6e1ac9633dc1, type: 3}
  m_Name: 
  m_EditorClassIdentifier: 
  conditions:
    conditions: 
  profileIndex: 0
  capture: 0
  targetIndex: 0
  targets: []
--- !u!114 &4074764210067107322
MonoBehaviour:
  m_ObjectHideFlags: 0
  m_CorrespondingSourceObject: {fileID: 0}
  m_PrefabInstance: {fileID: 0}
  m_PrefabAsset: {fileID: 0}
  m_GameObject: {fileID: 1984590076223184}
  m_Enabled: 1
  m_EditorHideFlags: 0
  m_Script: {fileID: 11500000, guid: 1ae9ea7da2a38704c8aeb958b9768076, type: 3}
  m_Name: 
  m_EditorClassIdentifier: 
--- !u!114 &6362515984065447252
MonoBehaviour:
  m_ObjectHideFlags: 0
  m_CorrespondingSourceObject: {fileID: 0}
  m_PrefabInstance: {fileID: 0}
  m_PrefabAsset: {fileID: 0}
  m_GameObject: {fileID: 1984590076223184}
  m_Enabled: 1
  m_EditorHideFlags: 0
  m_Script: {fileID: 11500000, guid: 76ad0215f93db53499a6d5869733e79b, type: 3}
  m_Name: 
  m_EditorClassIdentifier: 
  target: {fileID: 0}
  animationType: 0
--- !u!114 &-3192878358682848847
MonoBehaviour:
  m_ObjectHideFlags: 0
  m_CorrespondingSourceObject: {fileID: 0}
  m_PrefabInstance: {fileID: 0}
  m_PrefabAsset: {fileID: 0}
  m_GameObject: {fileID: 1984590076223184}
  m_Enabled: 1
  m_EditorHideFlags: 0
  m_Script: {fileID: 11500000, guid: 910d2ff824bae3141af73d2cf477a0bd, type: 3}
  m_Name: 
  m_EditorClassIdentifier: 
  target: {fileID: -8578194272313590483}
  effect: {fileID: 114082309376427184}
  targetAnimation: 0
--- !u!114 &114082309376427184
MonoBehaviour:
  m_ObjectHideFlags: 0
  m_CorrespondingSourceObject: {fileID: 0}
  m_PrefabInstance: {fileID: 0}
  m_PrefabAsset: {fileID: 0}
  m_GameObject: {fileID: 1984590076223184}
  m_Enabled: 1
  m_EditorHideFlags: 0
  m_Script: {fileID: 11500000, guid: 1e3162878a60d6444b60544781acf5fb, type: 3}
  m_Name: 
  m_EditorClassIdentifier: 
  values: []
  persistency: {fileID: 114886730623467574, guid: b9a40ff33d6ea634481c828b2a269130,
    type: 3}
