%YAML 1.1
%TAG !u! tag:unity3d.com,2011:
--- !u!1001 &100100000
Prefab:
  m_ObjectHideFlags: 1
  serializedVersion: 2
  m_Modification:
    m_TransformParent: {fileID: 0}
    m_Modifications: []
    m_RemovedComponents: []
  m_SourcePrefab: {fileID: 0}
  m_RootGameObject: {fileID: 1474215895199520}
  m_IsPrefabAsset: 1
--- !u!1 &1474215895199520
GameObject:
  m_ObjectHideFlags: 0
  m_CorrespondingSourceObject: {fileID: 0}
  m_PrefabInternal: {fileID: 100100000}
  serializedVersion: 6
  m_Component:
  - component: {fileID: 4139858520261758}
  - component: {fileID: 114704503597269548}
  - component: {fileID: 114997995351352644}
  - component: {fileID: 114637032056599232}
  - component: {fileID: 114764292429701826}
  - component: {fileID: 114258279344707248}
  - component: {fileID: 114375368952094516}
  m_Layer: 0
  m_Name: 2 Action - Pass Turn
  m_TagString: Untagged
  m_Icon: {fileID: 0}
  m_NavMeshLayer: 0
  m_StaticEditorFlags: 0
  m_IsActive: 1
--- !u!4 &4139858520261758
Transform:
  m_ObjectHideFlags: 1
  m_CorrespondingSourceObject: {fileID: 0}
  m_PrefabInternal: {fileID: 100100000}
  m_GameObject: {fileID: 1474215895199520}
  m_LocalRotation: {x: 0, y: 0, z: 0, w: 1}
  m_LocalPosition: {x: 580.6163, y: 715.5936, z: -257.44333}
  m_LocalScale: {x: 1, y: 1, z: 1}
  m_Children: []
  m_Father: {fileID: 0}
  m_RootOrder: 0
  m_LocalEulerAnglesHint: {x: 0, y: 0, z: 0}
--- !u!114 &114258279344707248
MonoBehaviour:
  m_ObjectHideFlags: 1
  m_CorrespondingSourceObject: {fileID: 0}
  m_PrefabInternal: {fileID: 100100000}
  m_GameObject: {fileID: 1474215895199520}
  m_Enabled: 1
  m_EditorHideFlags: 0
  m_Script: {fileID: 11500000, guid: 23fef71f5f0cd70458c4e7915cf8674f, type: 3}
  m_Name: 
  m_EditorClassIdentifier: 
  message: Pass Turn
--- !u!114 &114375368952094516
MonoBehaviour:
  m_ObjectHideFlags: 1
  m_CorrespondingSourceObject: {fileID: 0}
  m_PrefabInternal: {fileID: 100100000}
  m_GameObject: {fileID: 1474215895199520}
  m_Enabled: 1
  m_EditorHideFlags: 0
  m_Script: {fileID: 11500000, guid: 2d01e59c00a67bc448fb84a3322cadbf, type: 3}
  m_Name: 
  m_EditorClassIdentifier: 
  animationChoreograph: {fileID: 114258279344707248}
--- !u!114 &114637032056599232
MonoBehaviour:
  m_ObjectHideFlags: 1
  m_CorrespondingSourceObject: {fileID: 0}
  m_PrefabInternal: {fileID: 100100000}
  m_GameObject: {fileID: 1474215895199520}
  m_Enabled: 1
  m_EditorHideFlags: 0
  m_Script: {fileID: 11500000, guid: 4f8d5f707093dc54f9657ed0e7aeccd2, type: 3}
  m_Name: 
  m_EditorClassIdentifier: 
--- !u!114 &114704503597269548
MonoBehaviour:
  m_ObjectHideFlags: 1
  m_CorrespondingSourceObject: {fileID: 0}
  m_PrefabInternal: {fileID: 100100000}
  m_GameObject: {fileID: 1474215895199520}
  m_Enabled: 1
  m_EditorHideFlags: 0
  m_Script: {fileID: 11500000, guid: 58d7325fcc8ab6440bdfae2293126cc9, type: 3}
  m_Name: 
  m_EditorClassIdentifier: 
--- !u!114 &114764292429701826
MonoBehaviour:
  m_ObjectHideFlags: 1
  m_CorrespondingSourceObject: {fileID: 0}
  m_PrefabInternal: {fileID: 100100000}
  m_GameObject: {fileID: 1474215895199520}
  m_Enabled: 1
  m_EditorHideFlags: 0
  m_Script: {fileID: 11500000, guid: 4118e8fc7463007478de5b22cf8c741b, type: 3}
  m_Name: 
  m_EditorClassIdentifier: 
  isCounterAttack: 0
--- !u!114 &114997995351352644
MonoBehaviour:
  m_ObjectHideFlags: 1
  m_CorrespondingSourceObject: {fileID: 0}
  m_PrefabInternal: {fileID: 100100000}
  m_GameObject: {fileID: 1474215895199520}
  m_Enabled: 1
  m_EditorHideFlags: 0
  m_Script: {fileID: 11500000, guid: 6b4a69df065a34546a030da6e7559e28, type: 3}
  m_Name: 
  m_EditorClassIdentifier: 
  targetProfiles: []
  targetMarkerPrefab: {fileID: 0}
