%YAML 1.1
%TAG !u! tag:unity3d.com,2011:
--- !u!1 &1474215895199520
GameObject:
  m_ObjectHideFlags: 0
  m_CorrespondingSourceObject: {fileID: 0}
  m_PrefabInstance: {fileID: 0}
  m_PrefabAsset: {fileID: 0}
  serializedVersion: 6
  m_Component:
  - component: {fileID: 4139858520261758}
  - component: {fileID: 114704503597269548}
  - component: {fileID: 114997995351352644}
  - component: {fileID: 114023245315960996}
  - component: {fileID: 114231948528169494}
  - component: {fileID: 2152221475869436923}
  - component: {fileID: 114382719640262710}
  - component: {fileID: 114191056890971882}
  m_Layer: 0
  m_Name: 4 Action - Docile
  m_TagString: Untagged
  m_Icon: {fileID: 0}
  m_NavMeshLayer: 0
  m_StaticEditorFlags: 0
  m_IsActive: 1
--- !u!4 &4139858520261758
Transform:
  m_ObjectHideFlags: 0
  m_CorrespondingSourceObject: {fileID: 0}
  m_PrefabInstance: {fileID: 0}
  m_PrefabAsset: {fileID: 0}
  m_GameObject: {fileID: 1474215895199520}
  m_LocalRotation: {x: 0, y: 0, z: 0, w: 1}
  m_LocalPosition: {x: 580.6163, y: 715.5936, z: -257.44333}
  m_LocalScale: {x: 1, y: 1, z: 1}
  m_Children: []
  m_Father: {fileID: 0}
  m_RootOrder: 0
  m_LocalEulerAnglesHint: {x: 0, y: 0, z: 0}
--- !u!114 &114704503597269548
MonoBehaviour:
  m_ObjectHideFlags: 0
  m_CorrespondingSourceObject: {fileID: 0}
  m_PrefabInstance: {fileID: 0}
  m_PrefabAsset: {fileID: 0}
  m_GameObject: {fileID: 1474215895199520}
  m_Enabled: 1
  m_EditorHideFlags: 0
  m_Script: {fileID: 11500000, guid: 58d7325fcc8ab6440bdfae2293126cc9, type: 3}
  m_Name: 
  m_EditorClassIdentifier: 
--- !u!114 &114997995351352644
MonoBehaviour:
  m_ObjectHideFlags: 0
  m_CorrespondingSourceObject: {fileID: 0}
  m_PrefabInstance: {fileID: 0}
  m_PrefabAsset: {fileID: 0}
  m_GameObject: {fileID: 1474215895199520}
  m_Enabled: 1
  m_EditorHideFlags: 0
  m_Script: {fileID: 11500000, guid: 6b4a69df065a34546a030da6e7559e28, type: 3}
  m_Name: 
  m_EditorClassIdentifier: 
  targetProfiles:
  - copyTargetsFrom: 0
    autoTarget: 8
    persistencyAutoTarget: 2
    instructions: 
    targets: []
    targetsWhoAvoided: []
    maxTargets: 0
    targetType: 0
    targetAlignment: 0
    displayInstructions: 
  targetMarkerPrefab: {fileID: 0}
--- !u!114 &114023245315960996
MonoBehaviour:
  m_ObjectHideFlags: 0
  m_CorrespondingSourceObject: {fileID: 0}
  m_PrefabInstance: {fileID: 0}
  m_PrefabAsset: {fileID: 0}
  m_GameObject: {fileID: 1474215895199520}
  m_Enabled: 1
  m_EditorHideFlags: 0
  m_Script: {fileID: 11500000, guid: 4f8d5f707093dc54f9657ed0e7aeccd2, type: 3}
  m_Name: 
  m_EditorClassIdentifier: 
--- !u!114 &114231948528169494
MonoBehaviour:
  m_ObjectHideFlags: 0
  m_CorrespondingSourceObject: {fileID: 0}
  m_PrefabInstance: {fileID: 0}
  m_PrefabAsset: {fileID: 0}
  m_GameObject: {fileID: 1474215895199520}
  m_Enabled: 1
  m_EditorHideFlags: 0
  m_Script: {fileID: 11500000, guid: 4118e8fc7463007478de5b22cf8c741b, type: 3}
  m_Name: 
  m_EditorClassIdentifier: 
  disposition: 1
  rangeType: 3
  skillType: 2
  isCounterAttack: 0
--- !u!114 &2152221475869436923
MonoBehaviour:
  m_ObjectHideFlags: 0
  m_CorrespondingSourceObject: {fileID: 0}
  m_PrefabInstance: {fileID: 0}
  m_PrefabAsset: {fileID: 0}
  m_GameObject: {fileID: 1474215895199520}
  m_Enabled: 1
  m_EditorHideFlags: 0
  m_Script: {fileID: 11500000, guid: fd2b622e2b464f64f9fd6e1ac9633dc1, type: 3}
  m_Name: 
  m_EditorClassIdentifier: 
  profileIndex: 0
  capture: 0
  targetIndex: 0
  targets: []
--- !u!114 &114382719640262710
MonoBehaviour:
  m_ObjectHideFlags: 0
  m_CorrespondingSourceObject: {fileID: 0}
  m_PrefabInstance: {fileID: 0}
  m_PrefabAsset: {fileID: 0}
  m_GameObject: {fileID: 1474215895199520}
  m_Enabled: 1
  m_EditorHideFlags: 0
  m_Script: {fileID: 11500000, guid: 910d2ff824bae3141af73d2cf477a0bd, type: 3}
  m_Name: 
  m_EditorClassIdentifier: 
  target: {fileID: 2152221475869436923}
  effect: {fileID: 114191056890971882}
  targetAnimation: 0
--- !u!114 &114191056890971882
MonoBehaviour:
  m_ObjectHideFlags: 0
  m_CorrespondingSourceObject: {fileID: 0}
  m_PrefabInstance: {fileID: 0}
  m_PrefabAsset: {fileID: 0}
  m_GameObject: {fileID: 1474215895199520}
  m_Enabled: 1
  m_EditorHideFlags: 0
  m_Script: {fileID: 11500000, guid: 6793e403fbc5f614cb3ec77b4b6ce865, type: 3}
  m_Name: 
  m_EditorClassIdentifier: 
  values: []
