%YAML 1.1
%TAG !u! tag:unity3d.com,2011:
--- !u!1 &162658
GameObject:
  m_ObjectHideFlags: 0
  m_CorrespondingSourceObject: {fileID: 0}
  m_PrefabInstance: {fileID: 0}
  m_PrefabAsset: {fileID: 0}
  serializedVersion: 6
  m_Component:
  - component: {fileID: 22498114}
  - component: {fileID: 22239980}
  - component: {fileID: 11477644}
  - component: {fileID: 114027123771524664}
  - component: {fileID: 11417570}
  m_Layer: 0
  m_Name: 1 Skill - Hide
  m_TagString: Untagged
  m_Icon: {fileID: 0}
  m_NavMeshLayer: 0
  m_StaticEditorFlags: 0
  m_IsActive: 1
--- !u!224 &22498114
RectTransform:
  m_ObjectHideFlags: 0
  m_CorrespondingSourceObject: {fileID: 0}
  m_PrefabInstance: {fileID: 0}
  m_PrefabAsset: {fileID: 0}
  m_GameObject: {fileID: 162658}
  m_LocalRotation: {x: 0, y: 0, z: 0, w: 1}
  m_LocalPosition: {x: 0, y: 0, z: 0}
  m_LocalScale: {x: 1, y: 1, z: 1}
  m_Children: []
  m_Father: {fileID: 0}
  m_RootOrder: 0
  m_LocalEulerAnglesHint: {x: 0, y: 0, z: 0}
  m_AnchorMin: {x: 0, y: 0}
  m_AnchorMax: {x: 0, y: 0}
  m_AnchoredPosition: {x: 0, y: 0}
  m_SizeDelta: {x: 330, y: 115}
  m_Pivot: {x: 0, y: 0}
--- !u!222 &22239980
CanvasRenderer:
  m_ObjectHideFlags: 0
  m_CorrespondingSourceObject: {fileID: 0}
  m_PrefabInstance: {fileID: 0}
  m_PrefabAsset: {fileID: 0}
  m_GameObject: {fileID: 162658}
  m_CullTransparentMesh: 0
--- !u!114 &11477644
MonoBehaviour:
  m_ObjectHideFlags: 0
  m_CorrespondingSourceObject: {fileID: 0}
  m_PrefabInstance: {fileID: 0}
  m_PrefabAsset: {fileID: 0}
  m_GameObject: {fileID: 162658}
  m_Enabled: 1
  m_EditorHideFlags: 0
  m_Script: {fileID: -765806418, guid: f5f67c52d1564df4a8936ccd202a3bd8, type: 3}
  m_Name: 
  m_EditorClassIdentifier: 
  m_Material: {fileID: 0}
  m_Color: {r: 1, g: 1, b: 1, a: 1}
  m_RaycastTarget: 1
  m_OnCullStateChanged:
    m_PersistentCalls:
      m_Calls: []
    m_TypeName: UnityEngine.UI.MaskableGraphic+CullStateChangedEvent, UnityEngine.UI,
      Version=1.0.0.0, Culture=neutral, PublicKeyToken=null
  m_Sprite: {fileID: 21300000, guid: cb1b62dd771538e41946f610f773eb3b, type: 3}
  m_Type: 0
  m_PreserveAspect: 0
  m_FillCenter: 1
  m_FillMethod: 4
  m_FillAmount: 1
  m_FillClockwise: 1
  m_FillOrigin: 0
  m_UseSpriteMesh: 0
--- !u!114 &114027123771524664
MonoBehaviour:
  m_ObjectHideFlags: 0
  m_CorrespondingSourceObject: {fileID: 0}
  m_PrefabInstance: {fileID: 0}
  m_PrefabAsset: {fileID: 0}
  m_GameObject: {fileID: 162658}
  m_Enabled: 1
  m_EditorHideFlags: 0
  m_Script: {fileID: 11500000, guid: 1ac94f402022e5746851cb0da9008b2b, type: 3}
  m_Name: 
  m_EditorClassIdentifier: 
  uiGraphics: {fileID: 11400000, guid: c39e06c2d0251ea44bbd7c7a1e8ab0f5, type: 2}
  cardIcon: 1
  cardColour: 2
--- !u!114 &11417570
MonoBehaviour:
  m_ObjectHideFlags: 0
  m_CorrespondingSourceObject: {fileID: 0}
  m_PrefabInstance: {fileID: 0}
  m_PrefabAsset: {fileID: 0}
  m_GameObject: {fileID: 162658}
  m_Enabled: 1
  m_EditorHideFlags: 0
  m_Script: {fileID: 11500000, guid: 2dd5a7ee2b11cc04e97a42563908820e, type: 3}
  m_Name: 
  m_EditorClassIdentifier: 
  uiName: Hide
  manaCost: 1
  uiDescription: Gonna be hid, son!
  effectValueIndices:
  - present: 0
    valueReference: 
    effect: {fileID: 0}
    valueIndex: 0
  - present: 0
    valueReference: 
    effect: {fileID: 0}
    valueIndex: 0
  - present: 0
    valueReference: 
    effect: {fileID: 0}
    valueIndex: 0
  - present: 0
    valueReference: 
    effect: {fileID: 0}
    valueIndex: 0
  action: {fileID: 114552261772206170, guid: 6bdb6b39d0e14a14e9de1d19cfe7f37f, type: 3}
