%YAML 1.1
%TAG !u! tag:unity3d.com,2011:
--- !u!1001 &100100000
Prefab:
  m_ObjectHideFlags: 1
  serializedVersion: 2
  m_Modification:
    m_TransformParent: {fileID: 0}
    m_Modifications: []
    m_RemovedComponents: []
  m_SourcePrefab: {fileID: 0}
  m_RootGameObject: {fileID: 1474215895199520}
  m_IsPrefabAsset: 1
--- !u!1 &1474215895199520
GameObject:
  m_ObjectHideFlags: 0
  m_CorrespondingSourceObject: {fileID: 0}
  m_PrefabInternal: {fileID: 100100000}
  serializedVersion: 6
  m_Component:
  - component: {fileID: 4139858520261758}
  - component: {fileID: 114704503597269548}
  - component: {fileID: 114997995351352644}
  - component: {fileID: 114023245315960996}
  - component: {fileID: 114231948528169494}
  - component: {fileID: 114382719640262710}
  - component: {fileID: 114261669546651044}
  m_Layer: 0
  m_Name: 4 Action - Reservo
  m_TagString: Untagged
  m_Icon: {fileID: 0}
  m_NavMeshLayer: 0
  m_StaticEditorFlags: 0
  m_IsActive: 1
--- !u!4 &4139858520261758
Transform:
  m_ObjectHideFlags: 1
  m_CorrespondingSourceObject: {fileID: 0}
  m_PrefabInternal: {fileID: 100100000}
  m_GameObject: {fileID: 1474215895199520}
  m_LocalRotation: {x: 0, y: 0, z: 0, w: 1}
  m_LocalPosition: {x: 580.6163, y: 715.5936, z: -257.44333}
  m_LocalScale: {x: 1, y: 1, z: 1}
  m_Children: []
  m_Father: {fileID: 0}
  m_RootOrder: 0
  m_LocalEulerAnglesHint: {x: 0, y: 0, z: 0}
--- !u!114 &114023245315960996
MonoBehaviour:
  m_ObjectHideFlags: 1
  m_CorrespondingSourceObject: {fileID: 0}
  m_PrefabInternal: {fileID: 100100000}
  m_GameObject: {fileID: 1474215895199520}
  m_Enabled: 1
  m_EditorHideFlags: 0
  m_Script: {fileID: 11500000, guid: 4f8d5f707093dc54f9657ed0e7aeccd2, type: 3}
  m_Name: 
  m_EditorClassIdentifier: 
--- !u!114 &114231948528169494
MonoBehaviour:
  m_ObjectHideFlags: 1
  m_CorrespondingSourceObject: {fileID: 0}
  m_PrefabInternal: {fileID: 100100000}
  m_GameObject: {fileID: 1474215895199520}
  m_Enabled: 1
  m_EditorHideFlags: 0
  m_Script: {fileID: 11500000, guid: 4118e8fc7463007478de5b22cf8c741b, type: 3}
  m_Name: 
  m_EditorClassIdentifier: 
  isCounterAttack: 0
--- !u!114 &114261669546651044
MonoBehaviour:
  m_ObjectHideFlags: 1
  m_CorrespondingSourceObject: {fileID: 0}
  m_PrefabInternal: {fileID: 100100000}
  m_GameObject: {fileID: 1474215895199520}
  m_Enabled: 1
  m_EditorHideFlags: 0
  m_Script: {fileID: 11500000, guid: 6fd550f4b80d017419d7a7296ad1f917, type: 3}
  m_Name: 
  m_EditorClassIdentifier: 
  values:
  - source: {fileID: 0}
    setBy: 0
    replacementValue: 0
    newReplacementValue: 0
    inspectorName: Damage
    type: 1
    value: 3
--- !u!114 &114382719640262710
MonoBehaviour:
  m_ObjectHideFlags: 1
  m_CorrespondingSourceObject: {fileID: 0}
  m_PrefabInternal: {fileID: 100100000}
  m_GameObject: {fileID: 1474215895199520}
  m_Enabled: 1
  m_EditorHideFlags: 0
  m_Script: {fileID: 11500000, guid: 910d2ff824bae3141af73d2cf477a0bd, type: 3}
  m_Name: 
  m_EditorClassIdentifier: 
  target: {fileID: 0}
  profileIndex: 0
  targetIndex: 0
  effect: {fileID: 114261669546651044}
  targetAnimation: 0
--- !u!114 &114704503597269548
MonoBehaviour:
  m_ObjectHideFlags: 1
  m_CorrespondingSourceObject: {fileID: 0}
  m_PrefabInternal: {fileID: 100100000}
  m_GameObject: {fileID: 1474215895199520}
  m_Enabled: 1
  m_EditorHideFlags: 0
  m_Script: {fileID: 11500000, guid: 58d7325fcc8ab6440bdfae2293126cc9, type: 3}
  m_Name: 
  m_EditorClassIdentifier: 
--- !u!114 &114997995351352644
MonoBehaviour:
  m_ObjectHideFlags: 1
  m_CorrespondingSourceObject: {fileID: 0}
  m_PrefabInternal: {fileID: 100100000}
  m_GameObject: {fileID: 1474215895199520}
  m_Enabled: 1
  m_EditorHideFlags: 0
  m_Script: {fileID: 11500000, guid: 6b4a69df065a34546a030da6e7559e28, type: 3}
  m_Name: 
  m_EditorClassIdentifier: 
  targetProfiles:
  - copyTargetsFrom: 0
    autoTarget: 1
    persistencyAutoTarget: 0
    instructions: 
    targets: []
    targetsWhoAvoided: []
    maxTargets: 0
    targetType: 0
    targetAlignment: 0
    displayInstructions: 
  targetMarkerPrefab: {fileID: 0}
